# UCI dataset repository

@Misc{dua2019uci,
  author       = "Dheeru Dua and Casey Graff",
  year         = "2017",
  title        = "{UCI} Machine Learning Repository",
  URL          = "http://archive.ics.uci.edu/ml",
  institution  = "University of California, Irvine, School of
                 Information and Computer Sciences",
}
@article{delgado2014hundreds,
  author    = {Manuel Fern{\'{a}}ndez Delgado and
               Eva Cernadas and
               Sen{\'{e}}n Barro and
               Dinani Gomes Amorim},
  title     = {Do we need hundreds of classifiers to solve real world classification
               problems?},
  journal   = {J. Mach. Learn. Res.},
  volume    = {15},
  number    = {1},
  pages     = {3133--3181},
  year      = {2014},
}

# MNIST
@article{lecun1998gradient,
  title={Gradient-based learning applied to document recognition},
  author={LeCun, Yann and Bottou, L{\'e}on and Bengio, Yoshua and Haffner, Patrick},
  journal={Proceedings of the IEEE},
  volume={86},
  number={11},
  pages={2278--2324},
  year={1998},
  publisher={Ieee}
}

#CIFAR-10
@article{krizhevsky2009learning,
  title={Learning multiple layers of features from tiny images},
  author={Krizhevsky, Alex and Hinton, Geoffrey and others},
  year={2009},
  publisher={Citeseer}
}
