% PROJECT ENTRIES %

% Majorization-Minimization

@Article{mairal2015majorization,
  author       = "Julien Mairal",
  title        = "Incremental Majorization-Minimization Optimization
                 with Application to Large-Scale Machine Learning",
  journal      = "{SIAM} J. Optim.",
  volume       = "25",
  number       = "2",
  pages        = "829--855",
  year         = "2015",
}

# Semi-infinite duality theory #
@Article{shapiro2009semi,
  title        = "Semi-infinite programming, duality, discretization and
                 optimality conditions",
  author       = "Alexander Shapiro",
  journal      = "Optimization",
  volume       = "58",
  number       = "2",
  pages        = "133--161",
  year         = "2009",
  publisher    = "Taylor \& Francis",
}

@Article{goberna2002semi,
  author       = "Miguel A. Goberna and Marco A. L{\'{o}}pez",
  title        = "Linear semi-infinite programming theory: An updated
                 survey",
  journal      = "Eur. J. Oper. Res.",
  volume       = "143",
  number       = "2",
  pages        = "390--405",
  year         = "2002",
  URL          = "https://doi.org/10.1016/S0377-2217(02)00327-2",
  DOI          = "10.1016/S0377-2217(02)00327-2",
  timestamp    = "Wed, 14 Apr 2021 08:59:01 +0200",
  biburl       = "https://dblp.org/rec/journals/eor/GobernaL02.bib",
  bibsource    = "dblp computer science bibliography, https://dblp.org",
}

# Convex Neural Networks #

@InProceedings{pilanci2020convexnn,
  author       = "Mert Pilanci and Tolga Ergen",
  title        = "Neural Networks are Convex Regularizers: Exact
                 Polynomial-time Convex Optimization Formulations for
                 Two-layer Networks",
  booktitle    = "{ICML} 2020",
  series       = "Proceedings of Machine Learning Research",
  volume       = "119",
  pages        = "7695--7705",
  publisher    = "{PMLR}",
  year         = "2020",
}

@InProceedings{ergen2021implicit,
  title        = "Implicit Convex Regularizers of {CNN} Architectures:
                 Convex Optimization of Two- and Three-Layer Networks in
                 Polynomial Time",
  author       = "Tolga Ergen and Mert Pilanci",
  booktitle    = "International Conference on Learning Representations:
                 {ICLR} 2021",
  year         = "2021",
}

@InProceedings{ergen2021beyond,
  author       = "Tolga Ergen and Mert Pilanci",
  editor       = "Marina Meila and Tong Zhang",
  title        = "Global Optimality Beyond Two Layers: Training Deep
                 {ReLU} Networks via Convex Programs",
  booktitle    = "Proceedings of the 38th International Conference on
                 Machine Learning, {ICML} 2021, 18-24 July 2021, Virtual
                 Event",
  series       = "Proceedings of Machine Learning Research",
  volume       = "139",
  pages        = "2993--3003",
  publisher    = "{PMLR}",
  year         = "2021",
}

@InProceedings{sahiner2021vector,
  author       = "Arda Sahiner and Tolga Ergen and John M. Pauly and
                 Mert Pilanci",
  title        = "Vector-output {ReLU} Neural Network Problems are
                 Copositive Programs: Convex Analysis of Two Layer
                 Networks and Polynomial-time Algorithms",
  booktitle    = "9th International Conference on Learning
                 Representations, {ICLR} 2021, Virtual Event, Austria,
                 May 3-7, 2021",
  publisher    = "OpenReview.net",
  year         = "2021",
}

@InProceedings{sahiner2020convex,
  title        = "Convex Regularization behind Neural Reconstruction",
  author       = "Arda Sahiner and Morteza Mardani and Batu Ozturkler
                 and Mert Pilanci and John M Pauly",
  booktitle    = "{ICLR}",
  year         = "2021",
}

@InProceedings{ergen2021revealing,
  title        = "Revealing the structure of deep neural networks via
                 convex duality",
  author       = "Tolga Ergen and Mert Pilanci",
  booktitle    = "International Conference on Machine Learning",
  pages        = "3004--3014",
  year         = "2021",
  organization = "PMLR",
}

@Article{ergen2021convex,
  title        = "Convex geometry and duality of over-parameterized
                 neural networks",
  author       = "Tolga Ergen and Mert Pilanci",
  journal      = "Journal of Machine Learning Research",
  year         = "2021",
}

@InProceedings{gupta2021exact,
  title        = "Exact and relaxed convex formulations for shallow
                 neural autoregressive models",
  author       = "Vikul Gupta and Burak Bartan and Tolga Ergen and Mert
                 Pilanci",
  booktitle    = "International Conference on Acoustics, Speech, and
                 Signal Processing",
  year         = "2021",
}

@InProceedings{ergen2021demystifying,
  title        = "Demystifying Batch Normalization in {ReLU} Networks:
                 Equivalent Convex Optimization Models and Implicit
                 Regularization",
  author       = "Tolga Ergen and Arda Sahiner and Batu Ozturkler and
                 John M Pauly and Morteza Mardani and Mert Pilanci",
  booktitle    = "International Conference on Learning Representations",
  year         = "2021",
}

@Article{sahiner2021hidden,
  title        = "Hidden Convexity of Wasserstein {GANs}: Interpretable
                 Generative Models with Closed-Form Solutions",
  author       = "Arda Sahiner and Tolga Ergen and Batu Ozturkler and
                 Burak Bartan and John Pauly and Morteza Mardani and
                 Mert Pilanci",
  journal      = "International Conference on Learning Representations",
  year         = "2021",
}

@InProceedings{wang2021hidden,
  title        = "The Hidden Convex Optimization Landscape of
                 Regularized Two-Layer {ReLU} Networks: an Exact
                 Characterization of Optimal Solutions",
  author       = "Yifei Wang and Jonathan Lacotte and Mert Pilanci",
  booktitle    = "International Conference on Learning Representations",
  year         = "2021",
}

%% Iterative least-squares solvers
@Article{saunders1982lsqr,
  author       = "Christopher C. Paige and Michael A. Saunders",
  title        = "{LSQR:} An Algorithm for Sparse Linear Equations and
                 Sparse Least Squares",
  journal      = "{ACM} Trans. Math. Softw.",
  volume       = "8",
  number       = "1",
  pages        = "43--71",
  year         = "1982",
}

@Article{fong2011lsmr,
  author       = "David Chin{-}Lung Fong and Michael A. Saunders",
  title        = "{LSMR:} An Iterative Algorithm for Sparse
                 Least-Squares Problems",
  journal      = "{SIAM} J. Sci. Comput.",
  volume       = "33",
  number       = "5",
  pages        = "2950--2971",
  year         = "2011",
}

%% non-convexity of neural networks
@InProceedings{blum1988npcomplete,
  author       = "Avrim Blum and Ronald L. Rivest",
  editor       = "David S. Touretzky",
  title        = "Training a 3-Node Neural Network is {NP-Complete}",
  booktitle    = "Advances in Neural Information Processing Systems 1,
                 {[NIPS} Conference, Denver, Colorado, {USA, 1988]}",
  pages        = "494--501",
  publisher    = "Morgan Kaufmann",
  year         = "1988",
}

%% SGD and saddle points
@InProceedings{ge2015escaping,
  author       = "Rong Ge and Furong Huang and Chi Jin and Yang Yuan",
  editor       = "Peter Gr{\"{u}}nwald and Elad Hazan and Satyen Kale",
  title        = "Escaping From Saddle Points - Online Stochastic
                 Gradient for Tensor Decomposition",
  booktitle    = "Proceedings of The 28th Conference on Learning Theory,
                 {COLT} 2015, Paris, France, July 3-6, 2015",
  series       = "{JMLR} Workshop and Conference Proceedings",
  volume       = "40",
  pages        = "797--842",
  publisher    = "JMLR.org",
  year         = "2015",
}

%% reproducibility in machine learning
@InProceedings{raff2019reproducibility,
  author       = "Edward Raff",
  editor       = "Hanna M. Wallach and Hugo Larochelle and Alina
                 Beygelzimer and Florence d'Alch{\'{e}}{-}Buc and Emily
                 B. Fox and Roman Garnett",
  title        = "A Step Toward Quantifying Independently Reproducible
                 Machine Learning Research",
  booktitle    = "Advances in Neural Information Processing Systems 32:
                 Annual Conference on Neural Information Processing
                 Systems 2019, {NeurIPS 2019}, December 8-14, 2019,
                 Vancouver, {BC}, Canada",
  pages        = "5486--5496",
  year         = "2019",
}

@InProceedings{henderson2018deep,
  author       = "Peter Henderson and Riashat Islam and Philip Bachman
                 and Joelle Pineau and Doina Precup and David Meger",
  title        = "Deep Reinforcement Learning That Matters",
  booktitle    = "{(AAAI-18)}, New Orleans, Louisiana, {USA}, February
                 2-7, 2018",
  pages        = "3207--3214",
  publisher    = "{AAAI} Press",
  year         = "2018",
}

@Article{bhojanapalli2021reproducibility,
  author       = "Srinadh Bhojanapalli and Kimberly Wilber and Andreas
                 Veit and Ankit Singh Rawat and Seungyeon Kim and Aditya
                 Krishna Menon and Sanjiv Kumar",
  title        = "On the Reproducibility of Neural Network Predictions",
  journal      = "CoRR",
  volume       = "abs/2102.03349",
  year         = "2021",
}

%% implicit bias/regularization of SGD.
@Article{neyshabur2017implicit,
  author       = "Behnam Neyshabur and Ryota Tomioka and Ruslan
                 Salakhutdinov and Nathan Srebro",
  title        = "Geometry of Optimization and Implicit Regularization
                 in Deep Learning",
  journal      = "CoRR",
  volume       = "abs/1705.03071",
  year         = "2017",
}

%% restarts for FISTA
@Article{odonoghue2015restarts,
  author       = "Brendan O'Donoghue and Emmanuel J. Cand{\`{e}}s",
  title        = "Adaptive Restart for Accelerated Gradient Schemes",
  journal      = "Found. Comput. Math.",
  volume       = "15",
  number       = "3",
  pages        = "715--732",
  year         = "2015",
}

%% lassplore line-search

@Manual{mosek,
  author       = "MOSEK ApS",
  title        = "{MOSEK} Optimizer {API} for Python 9.3.6",
  year         = "2019",
  URL          = "https://docs.mosek.com/latest/pythonapi/index.html",
}

%% convex neural networks from other groups

@Article{bengio2006convex,
  title        = "Convex neural networks",
  author       = "Yoshua Bengio and Nicolas Le Roux and Pascal Vincent
                 and Olivier Delalleau and Patrice Marcotte",
  journal      = "Advances in neural information processing systems",
  volume       = "18",
  pages        = "123",
  year         = "2006",
  publisher    = "Citeseer",
}

@InProceedings{sivaprasad2021curious,
  author       = "Sarath Sivaprasad and Ankur Singh and Naresh Manwani
                 and Vineet Gandhi",
  editor       = "Nuria Oliver and Fernando P{\'{e}}rez{-}Cruz and
                 Stefan Kramer and Jesse Read and Jos{\'{e}} Antonio
                 Lozano",
  title        = "The Curious Case of Convex Neural Networks",
  booktitle    = "Machine Learning and Knowledge Discovery in Databases.
                 Research Track - European Conference, {ECML} {PKDD}
                 2021, Bilbao, Spain, September 13-17, 2021,
                 Proceedings, Part {I}",
  series       = "Lecture Notes in Computer Science",
  volume       = "12975",
  pages        = "738--754",
  publisher    = "Springer",
  year         = "2021",
}

@InProceedings{amos2017input,
  author       = "Brandon Amos and Lei Xu and J. Zico Kolter",
  editor       = "Doina Precup and Yee Whye Teh",
  title        = "Input Convex Neural Networks",
  booktitle    = "Proceedings of the 34th International Conference on
                 Machine Learning, {ICML} 2017, Sydney, {NSW},
                 Australia, 6-11 August 2017",
  series       = "Proceedings of Machine Learning Research",
  volume       = "70",
  pages        = "146--155",
  publisher    = "{PMLR}",
  year         = "2017",
}

@Article{bach2017breaking,
  author       = "Francis R. Bach",
  title        = "Breaking the Curse of Dimensionality with Convex
                 Neural Networks",
  journal      = "J. Mach. Learn. Res.",
  volume       = "18",
  pages        = "19:1--19:53",
  year         = "2017",
}

% gated relu network
@Article{fiat2019decoupling,
  title        = "Decoupling gating from linearity",
  author       = "Jonathan Fiat and Eran Malach and Shai
                 Shalev-Shwartz",
  journal      = "arXiv preprint arXiv:1906.05032",
  year         = "2019",
}

%% augmented Lagrangian methods
% original analysis by Rockafellar
@Article{rockafellar1976augmented,
  author       = "R. Tyrrell Rockafellar",
  title        = "Augmented {L}agrangians and Applications of the
                 Proximal Point Algorithm in Convex Programming",
  journal      = "Math. Oper. Res.",
  volume       = "1",
  number       = "2",
  pages        = "97--116",
  year         = "1976",
}

@Article{rockafellar1976monotone,
  title        = "Monotone operators and the proximal point algorithm",
  author       = "R Tyrrell Rockafellar",
  journal      = "SIAM journal on control and optimization",
  volume       = "14",
  number       = "5",
  pages        = "877--898",
  year         = "1976",
  publisher    = "SIAM",
}

% practical methods
@Book{birgin2014pratical,
  author       = "Ernesto G. Birgin and Jos{\'{e}} Mario
                 Mart{\'{i}}nez",
  title        = "Practical augmented Lagrangian methods for constrained
                 optimization",
  series       = "Fundamentals of algorithms",
  volume       = "10",
  publisher    = "{SIAM}",
  year         = "2014",
}

% useful tutorial
@Article{eckstein2012augmented,
  title        = "Augmented Lagrangian and alternating direction methods
                 for convex optimization: A tutorial and some
                 illustrative computational results",
  author       = "Jonathan Eckstein and Wang Yao",
  journal      = "RUTCOR Research Reports",
  volume       = "32",
  number       = "3",
  pages        = "44",
  year         = "2012",
}

%% accelerated versions
@Article{kang2015inexact,
  author       = "Myeongmin Kang and Myungjoo Kang and Miyoun Jung",
  title        = "Inexact accelerated augmented {L}agrangian methods",
  journal      = "Comput. Optim. Appl.",
  volume       = "62",
  number       = "2",
  pages        = "373--404",
  year         = "2015",
}

@InProceedings{arjevani2020ideal,
  author       = "Yossi Arjevani and Joan Bruna and Bugra Can and Mert
                 G{\"{u}}rb{\"{u}}zbalaban and Stefanie Jegelka and
                 Hongzhou Lin",
  editor       = "Hugo Larochelle and Marc'Aurelio Ranzato and Raia
                 Hadsell and Maria{-}Florina Balcan and Hsuan{-}Tien
                 Lin",
  title        = "{IDEAL:} Inexact {DEcentralized} Accelerated Augmented
                 Lagrangian Method",
  booktitle    = "Advances in Neural Information Processing Systems 33:
                 Annual Conference on Neural Information Processing
                 Systems 2020, {NeurIPS 2020}, December 6-12, 2020,
                 virtual",
  year         = "2020",
}

@InProceedings{giselsson2014restart,
  author       = "Pontus Giselsson and Stephen P. Boyd",
  title        = "Monotonicity and restart in fast gradient methods",
  booktitle    = "53rd {IEEE} Conference on Decision and Control, {CDC}
                 2014, Los Angeles, {CA}, {USA}, December 15-17, 2014",
  pages        = "5058--5063",
  publisher    = "{IEEE}",
  year         = "2014",
}

,
@Book{nesterov1994interior,
  author       = "Yurii E. Nesterov and Arkadii Nemirovskii",
  title        = "Interior-point polynomial algorithms in convex
                 programming",
  series       = "Siam studies in applied mathematics",
  volume       = "13",
  publisher    = "{SIAM}",
  year         = "1994",
}

@Article{guler1991convergence,
  title        = "On the convergence of the proximal point algorithm for
                 convex minimization",
  author       = "Osman G{\"u}ler",
  journal      = "SIAM journal on control and optimization",
  volume       = "29",
  number       = "2",
  pages        = "403--419",
  year         = "1991",
  publisher    = "SIAM",
}

@Article{monteiro2010convergence,
  title        = "Convergence rate of inexact proximal point methods
                 with relative error criteria for convex optimization",
  author       = "Renato DC Monteiro and Benar F Svaiter",
  journal      = "submitted to SIAM Journal on Optimization",
  year         = "2010",
}

@Book{conn2013lancelot,
  title        = "{LANCELOT}: a Fortran package for large-scale
                 nonlinear optimization (Release A)",
  author       = "Andrew R Conn and GIM Gould and Philippe L Toint",
  volume       = "17",
  year         = "2013",
  publisher    = "Springer Science \& Business Media",
}

@TechReport{murtagh1983minos,
  title        = "{MINOS 5.0} User's Guide.",
  author       = "Bruce A Murtagh and Michael A Saunders",
  year         = "1983",
  institution  = "Stanford Univ CA Systems Optimization Lab",
}

@Article{dolan2002benchmarking,
  title        = "Benchmarking optimization software with performance
                 profiles",
  author       = "Elizabeth D Dolan and Jorge J Mor{\'e}",
  journal      = "Mathematical programming",
  volume       = "91",
  number       = "2",
  pages        = "201--213",
  year         = "2002",
  publisher    = "Springer",
}

@Article{loog2020brief,
  title        = "A brief prehistory of double descent",
  author       = "Marco Loog and Tom Viering and Alexander Mey and Jesse
                 H Krijthe and David MJ Tax",
  journal      = "Proceedings of the National Academy of Sciences",
  volume       = "117",
  number       = "20",
  pages        = "10625--10626",
  year         = "2020",
  publisher    = "National Acad Sciences",
}

@InProceedings{nakkiran2020double,
  author       = "Preetum Nakkiran and Gal Kaplun and Yamini Bansal and
                 Tristan Yang and Boaz Barak and Ilya Sutskever",
  title        = "Deep Double Descent: Where Bigger Models and More Data
                 Hurt",
  booktitle    = "8th International Conference on Learning
                 Representations, {ICLR} 2020, Addis Ababa, Ethiopia,
                 April 26-30, 2020",
  publisher    = "OpenReview.net",
  year         = "2020",
}

@InProceedings{domahidi2013ecos,
  title        = "{ECOS}: An {SOCP} solver for embedded systems",
  author       = "Alexander Domahidi and Eric Chu and Stephen Boyd",
  booktitle    = "2013 European Control Conference {(ECC)}",
  pages        = "3071--3076",
  year         = "2013",
  organization = "IEEE",
}

@Article{paszke2019pytorch,
  title        = "{PyTorch}: An imperative style, high-performance deep
                 learning library",
  author       = "Adam Paszke and Sam Gross and Francisco Massa and Adam
                 Lerer and James Bradbury and Gregory Chanan and Trevor
                 Killeen and Zeming Lin and Natalia Gimelshein and Luca
                 Antiga and others",
  journal      = "Advances in neural information processing systems",
  volume       = "32",
  pages        = "8026--8037",
  year         = "2019",
}

@InProceedings{abadi2016tensorflow,
  title        = "Tensor{F}low: A system for large-scale machine
                 learning",
  author       = "Mart{\'i}n Abadi and Paul Barham and Jianmin Chen and
                 Zhifeng Chen and Andy Davis and Jeffrey Dean and
                 Matthieu Devin and Sanjay Ghemawat and Geoffrey Irving
                 and Michael Isard and others",
  booktitle    = "12th $\{${USENIX{}$\}$} symposium on operating systems
                 design and implementation ($\{${OSDI{}$\}$} 16)",
  pages        = "265--283",
  year         = "2016",
}

@InProceedings{belilovsky2019greedy,
  title        = "Greedy layerwise learning can scale to {ImageNet}",
  author       = "Eugene Belilovsky and Michael Eickenberg and Edouard
                 Oyallon",
  booktitle    = "International conference on machine learning",
  pages        = "583--593",
  year         = "2019",
  organization = "PMLR",
}

@InProceedings{ergen2021global,
  title        = "Global Optimality Beyond Two Layers: Training Deep
                 {ReLU} Networks via Convex Programs",
  author       = "Tolga Ergen and Mert Pilanci",
  booktitle    = "International Conference on Machine Learning",
  pages        = "2993--3003",
  year         = "2021",
  organization = "PMLR",
}

@Article{diamond2016cvxpy,
  author       = "Steven Diamond and Stephen Boyd",
  title        = "{CVXPY}: {A} {P}ython-embedded modeling language for
                 convex optimization",
  journal      = "Journal of Machine Learning Research",
  year         = "2016",
  volume       = "17",
  number       = "83",
  pages        = "1--5",
}

@Article{agrawal2018rewriting,
  author       = "Akshay Agrawal and Robin Verschueren and Steven
                 Diamond and Stephen Boyd",
  title        = "A rewriting system for convex optimization problems",
  journal      = "Journal of Control and Decision",
  year         = "2018",
  volume       = "5",
  number       = "1",
  pages        = "42--60",
}

@Article{yuan2006model,
  title        = "Model selection and estimation in regression with
                 grouped variables",
  author       = "Ming Yuan and Yi Lin",
  journal      = "Journal of the Royal Statistical Society: Series B
                 (Statistical Methodology)",
  volume       = "68",
  number       = "1",
  pages        = "49--67",
  year         = "2006",
  publisher    = "Wiley Online Library",
}

@Article{odonoghue2016scs,
  author       = "Brendan O'Donoghue and Eric Chu and Neal Parikh and
                 Stephen Boyd",
  title        = "Conic Optimization via Operator Splitting and
                 Homogeneous Self-Dual Embedding",
  journal      = "Journal of Optimization Theory and Applications",
  month        = jun,
  year         = "2016",
  volume       = "169",
  number       = "3",
  pages        = "1042--1068",
  URL          = "http://stanford.edu/~boyd/papers/scs.html",
}

@Article{ausubel1993generalized,
  title        = "A generalized theorem of the maximum",
  author       = "Lawrence M Ausubel and Raymond J Deneckere",
  journal      = "Economic Theory",
  volume       = "3",
  number       = "1",
  pages        = "99--107",
  year         = "1993",
  publisher    = "Springer",
}

@Article{bai2022efficient,
  title        = "Efficient Global Optimization of Two-layer {ReLU}
                 Networks: Quadratic-time Algorithms and Adversarial
                 Training",
  author       = "Yatong Bai and Tanmay Gautam and Somayeh Sojoudi",
  journal      = "arXiv preprint arXiv:2201.01965",
  year         = "2022",
}

@Article{breiman2001randomforests,
  author       = "Leo Breiman",
  title        = "Random Forests",
  journal      = "Mach. Learn.",
  volume       = "45",
  number       = "1",
  pages        = "5--32",
  year         = "2001",
}

@InProceedings{boser1992svm,
  author       = "Bernhard E. Boser and Isabelle Guyon and Vladimir
                 Vapnik",
  editor       = "David Haussler",
  title        = "A Training Algorithm for Optimal Margin Classifiers",
  booktitle    = "Proceedings of the Fifth Annual {ACM} Conference on
                 Computational Learning Theory, {COLT} 1992, Pittsburgh,
                 {PA}, {USA}, July 27-29, 1992",
  pages        = "144--152",
  publisher    = "{ACM}",
  year         = "1992",
}

@Article{huang2005elm,
  author       = "Guang{-}Bin Huang and Qin{-}Yu Zhu and Chee Kheong
                 Siew",
  title        = "Extreme learning machine: Theory and applications",
  journal      = "Neurocomputing",
  volume       = "70",
  number       = "1-3",
  pages        = "489--501",
  year         = "2006",
}

@InProceedings{woodworth2020rich,
  author       = "Blake E. Woodworth and Suriya Gunasekar and Jason D.
                 Lee and Edward Moroshko and Pedro Savarese and Itay
                 Golan and Daniel Soudry and Nathan Srebro",
  editor       = "Jacob D. Abernethy and Shivani Agarwal",
  title        = "Kernel and Rich Regimes in Overparametrized Models",
  booktitle    = "Conference on Learning Theory, {COLT} 2020, 9-12 July
                 2020, Virtual Event [Graz, Austria]",
  series       = "Proceedings of Machine Learning Research",
  volume       = "125",
  pages        = "3635--3673",
  publisher    = "{PMLR}",
  year         = "2020",
}

@Article{winder1966partitions,
  title        = "Partitions of N-space by hyperplanes",
  author       = "Robert O Winder",
  journal      = "SIAM Journal on Applied Mathematics",
  volume       = "14",
  number       = "4",
  pages        = "811--818",
  year         = "1966",
  publisher    = "SIAM",
}
