### Interpolation ###

# Belkin's Group #

@InProceedings{ma2018power,
  author       = "Siyuan Ma and Raef Bassily and Mikhail Belkin",
  editor       = "Jennifer G. Dy and Andreas Krause",
  title        = "The Power of Interpolation: Understanding the
                 Effectiveness of {SGD} in Modern Over-parametrized
                 Learning",
  booktitle    = "Proceedings of the 35th International Conference on
                 Machine Learning, {ICML} 2018",
  series       = "Proceedings of Machine Learning Research",
  volume       = "80",
  pages        = "3331--3340",
  publisher    = "{PMLR}",
  year         = "2018",
}

@Article{bassily2018exponential,
  title        = "On exponential convergence of {SGD} in non-convex
                 over-parametrized learning",
  author       = "Raef Bassily and Mikhail Belkin and Siyuan Ma",
  journal      = "arXiv preprint arXiv:1811.02564",
  year         = "2018",
}

@InProceedings{liu2020accelerating,
  author       = "Chaoyue Liu and Mikhail Belkin",
  title        = "Accelerating {SGD} with momentum for
                 over-parameterized learning",
  booktitle    = "8th International Conference on Learning
                 Representations, {ICLR} 2020",
  publisher    = "OpenReview.net",
  year         = "2020",
}

# Oxford Group #

% Bounded stochastic Polyak step-size
@Article{berrada2019training,
  title        = "Training neural networks for and by interpolation",
  author       = "Leonard Berrada and Andrew Zisserman and M Pawan
                 Kumar",
  journal      = "arXiv preprint arXiv:1906.05661",
  year         = "2019",
}

# UBC Group #

@InProceedings{vaswani2019fast,
  author       = "Sharan Vaswani and Francis Bach and Mark W. Schmidt",
  editor       = "Kamalika Chaudhuri and Masashi Sugiyama",
  title        = "Fast and Faster Convergence of {SGD} for
                 Over-Parameterized Models and an Accelerated
                 Perceptron",
  booktitle    = "The 22nd International Conference on Artificial
                 Intelligence and Statistics, {AISTATS} 2019",
  series       = "Proceedings of Machine Learning Research",
  volume       = "89",
  pages        = "1195--1204",
  publisher    = "{PMLR}",
  year         = "2019",
}

@InProceedings{vaswani2019painless,
  author       = "Sharan Vaswani and Aaron Mishkin and Issam H. Laradji
                 and Mark Schmidt and Gauthier Gidel and Simon
                 Lacoste{-}Julien",
  editor       = "Hanna M. Wallach and Hugo Larochelle and Alina
                 Beygelzimer and Florence d'Alch{\'{e}}{-}Buc and Emily
                 B. Fox and Roman Garnett",
  title        = "Painless Stochastic Gradient: Interpolation,
                 Line-Search, and Convergence Rates",
  booktitle    = "Advances in Neural Information Processing Systems 32:
                 {NeurIPS} 2019",
  pages        = "3727--3740",
  year         = "2019",
}

@InProceedings{meng2020fastandfurious,
  author       = "Si Yi Meng and Sharan Vaswani and Issam Hadj Laradji
                 and Mark Schmidt and Simon Lacoste{-}Julien",
  editor       = "Silvia Chiappa and Roberto Calandra",
  title        = "Fast and Furious Convergence: Stochastic Second Order
                 Methods under Interpolation",
  booktitle    = "The 23rd International Conference on Artificial
                 Intelligence and Statistics, {AISTATS} 2020",
  series       = "Proceedings of Machine Learning Research",
  volume       = "108",
  pages        = "1375--1386",
  publisher    = "{PMLR}",
  year         = "2020",
}

@Article{loizou2020sps,
  title        = "Stochastic {P}olyak step-size for {SGD}: An adaptive
                 learning rate for fast convergence",
  author       = "Nicolas Loizou and Sharan Vaswani and Issam Laradji
                 and Simon Lacoste-Julien",
  journal      = "arXiv preprint arXiv:2002.10542",
  year         = "2020",
}

@Article{vaswani2020adaptive,
  title        = "Adaptive Gradient Methods Converge Faster with
                 Over-Parameterization (and you can do a line-search)",
  author       = "Sharan Vaswani and Frederik Kunstner and Issam Laradji
                 and Si Yi Meng and Mark Schmidt and Simon
                 Lacoste-Julien",
  journal      = "arXiv preprint arXiv:2006.06835",
  year         = "2020",
}

# Other Affiliations #

@Article{wu2019global,
  title        = "Global convergence of adaptive gradient methods for an
                 over-parameterized neural network",
  author       = "Xiaoxia Wu and Simon S Du and Rachel Ward",
  journal      = "arXiv preprint arXiv:1902.07111",
  year         = "2019",
}
