# deterministic setting #

@Book{nemirovsky1983problem,
  title        = "Problem complexity and method efficiency in
                 optimization",
  author       = "Arkadi{\u\i} Semenovich Nemirovsky and David
                 Borisovich Yudin",
  year         = "1983",
  publisher    = "Wiley-Interscience Series in Discrete Mathematics",
}

% lower bounds for stochastic, convex minimization
@Article{agarwal2012information,
  author       = "Alekh Agarwal and Peter L. Bartlett and Pradeep
                 Ravikumar and Martin J. Wainwright",
  title        = "Information-Theoretic Lower Bounds on the Oracle
                 Complexity of Stochastic Convex Optimization",
  journal      = "{IEEE} Trans. Inf. Theory",
  volume       = "58",
  number       = "5",
  pages        = "3235--3249",
  year         = "2012",
}

@Article{raginsky2011information,
  author       = "Maxim Raginsky and Alexander Rakhlin",
  title        = "Information-Based Complexity, Feedback and Dynamics in
                 Convex Programming",
  journal      = "{IEEE} Trans. Inf. Theory",
  volume       = "57",
  number       = "10",
  pages        = "7036--7056",
  year         = "2011",
}

%% \epsilon-optimality for (strongly-) convex functions
@InProceedings{arjevani2016iteration,
  author       = "Yossi Arjevani and Ohad Shamir",
  editor       = "Maria{-}Florina Balcan and Kilian Q. Weinberger",
  title        = "On the Iteration Complexity of Oblivious First-Order
                 Optimization Algorithms",
  booktitle    = "Proceedings of the 33nd International Conference on
                 Machine Learning, {ICML} 2016",
  series       = "{JMLR} Workshop and Conference Proceedings",
  volume       = "48",
  pages        = "908--916",
  year         = "2016",
}

@Article{carmon2019lower,
  title        = "Lower bounds for finding stationary points {I}",
  author       = "Yair Carmon and John C Duchi and Oliver Hinder and
                 Aaron Sidford",
  journal      = "Mathematical Programming",
  pages        = "1--50",
  year         = "2019",
  publisher    = "Springer",
}

# stochastic setting #

@Article{drori2019complexity,
  title        = "The complexity of finding stationary points with
                 stochastic gradient descent",
  author       = "Yoel Drori and Ohad Shamir",
  journal      = "arXiv preprint arXiv:1910.01845",
  year         = "2019",
}

@Article{arjevani2019lower,
  title        = "Lower bounds for non-convex stochastic optimization",
  author       = "Yossi Arjevani and Yair Carmon and John C Duchi and
                 Dylan J Foster and Nathan Srebro and Blake Woodworth",
  journal      = "arXiv preprint arXiv:1912.02365",
  year         = "2019",
}
