### Optimization Monographs ###

@Book{boyd2014convex,
  author       = "Stephen P. Boyd and Lieven Vandenberghe",
  title        = "Convex Optimization",
  publisher    = "Cambridge University Press",
  year         = "2014",
  ISBN         = "978-052-183-3-7-8-3",
}

@Book{ortega1970iterative,
  author       = "James M. Ortega and Werner C. Rheinboldt",
  title        = "Iterative solution of nonlinear equations in several
                 variables",
  series       = "Computer science and applied mathematics",
  publisher    = "Academic Press",
  year         = "1970",
}

@Book{conn2000trust,
  author       = "Andrew R. Conn and Nicholas I. M. Gould and Philippe
                 L. Toint",
  title        = "Trust Region Methods",
  series       = "{MOS-SIAM} Series on Optimization",
  publisher    = "{SIAM}",
  year         = "2000",
}

@Article{bubeck2015convex,
  author       = "S{\'{e}}bastien Bubeck",
  title        = "Convex Optimization: Algorithms and Complexity",
  journal      = "Found. Trends Mach. Learn.",
  volume       = "8",
  number       = "3-4",
  pages        = "231--357",
  year         = "2015",
}

@Book{nesterov2004lectures,
  author       = "Yurii E. Nesterov",
  title        = "Introductory Lectures on Convex Optimization - {A}
                 Basic Course",
  series       = "Applied Optimization",
  volume       = "87",
  publisher    = "Springer",
  year         = "2004",
}

@Book{nocedal1999numerical,
  author       = "Jorge Nocedal and Stephen J. Wright",
  title        = "Numerical Optimization",
  publisher    = "Springer",
  year         = "1999",
}

%%stochastic approximation
@Book{kushner1997sa,
  author       = "Harold J. Kushner and Gang George Yin",
  title        = "Stochastic Approximation Algorithms and Applications",
  series       = "Applications of Mathematics",
  volume       = "35",
  publisher    = "Springer",
  year         = "1997",
}

### Machine Learning Monographs ###

@Book{hastie2009elements,
  author       = "Trevor Hastie and Robert Tibshirani and Jerome H.
                 Friedman",
  title        = "The Elements of Statistical Learning: Data Mining,
                 Inference, and Prediction, 2nd Edition",
  series       = "Springer Series in Statistics",
  publisher    = "Springer",
  year         = "2009",
}

@Book{goodfellow2016deeplearning,
  title        = "Deep Learning",
  author       = "Ian Goodfellow and Yoshua Bengio and Aaron Courville",
  publisher    = "MIT Press",
  note         = "\url{http://www.deeplearningbook.org}",
  year         = "2016",
}

### Probability ###

@Book{vershynin2018high,
  title        = "High-dimensional probability: An introduction with
                 applications in data science",
  author       = "Roman Vershynin",
  volume       = "47",
  year         = "2018",
  publisher    = "Cambridge university press",
}

@Book{ccinlar2011probability,
  title        = "Probability and stochastics",
  author       = "Erhan {\c{C}}{\i}nlar",
  volume       = "261",
  year         = "2011",
  publisher    = "Springer Science \& Business Media",
}

@Book{neveu1975discrete,
  title        = "Discrete-parameter martingales",
  author       = "Jacques Neveu",
  volume       = "10",
  year         = "1975",
  publisher    = "Elsevier",
}

@Article{bertsekas1997nonlinear,
  title        = "Nonlinear programming",
  author       = "Dimitri P Bertsekas",
  journal      = "Journal of the Operational Research Society",
  volume       = "48",
  number       = "3",
  pages        = "334--334",
  year         = "1997",
  publisher    = "Taylor \& Francis",
}

@Book{bertsekas2009convex,
  title        = "Convex optimization theory",
  author       = "Dimitri Bertsekas",
  volume       = "1",
  year         = "2009",
  publisher    = "Athena Scientific",
}

@Book{sra2012optimization,
  title        = "Optimization for machine learning",
  author       = "Suvrit Sra and Sebastian Nowozin and Stephen J
                 Wright",
  year         = "2012",
  publisher    = "Mit Press",
}
