# Armijo Line-Search #

%% original Armijo line-search reference
@Article{armijo1966ls,
  author       = "Larry Armijo",
  journal      = "Pacific Journal of Mathematics",
  number       = "1",
  pages        = "1--3",
  publisher    = "Pacific Journal of Mathematics, A Non-profit
                 Corporation",
  title        = "Minimization of functions having {L}ipschitz
                 continuous first partial derivatives.",
  volume       = "16",
  year         = "1966",
}

%% Wolfe Conditions: Original paper and corrections.
@Article{wolfe1969convergence,
  title        = "Convergence conditions for ascent methods",
  author       = "Philip Wolfe",
  journal      = "SIAM review",
  volume       = "11",
  number       = "2",
  pages        = "226--235",
  year         = "1969",
  publisher    = "SIAM",
}

@Article{wolfe1971convergence,
  title        = "Convergence conditions for ascent methods. {II}: Some
                 corrections",
  author       = "Philip Wolfe",
  journal      = "SIAM review",
  volume       = "13",
  number       = "2",
  pages        = "185--188",
  year         = "1971",
  publisher    = "SIAM",
}

%% golden-section search
@Article{avriel1968golden,
  title        = "Golden block search for the maximum of unimodal
                 functions",
  author       = "Mordecai Avriel and Douglass J Wilde",
  journal      = "Management Science",
  volume       = "14",
  number       = "5",
  pages        = "307--319",
  year         = "1968",
  publisher    = "INFORMS",
}

@Article{krejic2013line,
  author       = "Natasa Krejic and Natasa Krklec",
  title        = "Line search methods with variable sample size for
                 unconstrained optimization",
  journal      = "J. Comput. Appl. Math.",
  volume       = "245",
  pages        = "213--231",
  year         = "2013",
}

@Article{paquette2020stochastic,
  author       = "Courtney Paquette and Katya Scheinberg",
  title        = "A Stochastic Line Search Method with Expected
                 Complexity Analysis",
  journal      = "{SIAM} J. Optim.",
  volume       = "30",
  number       = "1",
  pages        = "349--376",
  year         = "2020",
}

@InProceedings{fridovich2019choosing,
  title        = "Choosing the Step Size: Intuitive Line Search
                 Algorithms with Efficient Convergence",
  author       = "Sara Fridovich-Keil and Benjamin Recht",
  booktitle    = "The 11th Workshop on Optimization for Machine Learning
                 ({OPT} 2019)",
  year         = "2019",
}

@Article{ogaltsov2019adaptive,
  title        = "Adaptive gradient descent for convex and non-convex
                 stochastic optimization",
  author       = "Aleksandr Ogaltsov and Darina Dvinskikh and Pavel
                 Dvurechensky and Alexander Gasnikov and Vladimir
                 Spokoiny",
  journal      = "arXiv preprint arXiv:1911.08380",
  year         = "2019",
}

@Article{mahsereci2017pls,
  author       = "Maren Mahsereci and Philipp Hennig",
  title        = "Probabilistic Line Searches for Stochastic
                 Optimization",
  journal      = "J. Mach. Learn. Res.",
  volume       = "18",
  pages        = "119:1--119:59",
  year         = "2017",
}

# Adaptive Step-Sizes #

@InProceedings{li2019convergence,
  author       = "Xiaoyu Li and Francesco Orabona",
  editor       = "Kamalika Chaudhuri and Masashi Sugiyama",
  title        = "On the Convergence of Stochastic Gradient Descent with
                 Adaptive Stepsizes",
  booktitle    = "The 22nd International Conference on Artificial
                 Intelligence and Statistics, {AISTATS} 2019",
  series       = "Proceedings of Machine Learning Research",
  volume       = "89",
  pages        = "983--992",
  publisher    = "{PMLR}",
  year         = "2019",
}

@InProceedings{orabona2017coin,
  author       = "Francesco Orabona and Tatiana Tommasi",
  editor       = "Isabelle Guyon and Ulrike von Luxburg and Samy Bengio
                 and Hanna M. Wallach and Rob Fergus and S. V. N.
                 Vishwanathan and Roman Garnett",
  title        = "Training Deep Networks without Learning Rates Through
                 Coin Betting",
  booktitle    = "Advances in Neural Information Processing Systems 30:
                 {NeurIPS} 2017",
  pages        = "2160--2170",
  year         = "2017",
}

@InProceedings{schaul2013no,
  author       = "Tom Schaul and Sixin Zhang and Yann LeCun",
  title        = "No more pesky learning rates",
  booktitle    = "Proceedings of the 30th International Conference on
                 Machine Learning, {ICML} 2013",
  series       = "{JMLR} Workshop and Conference Proceedings",
  volume       = "28",
  pages        = "343--351",
  year         = "2013",
}

# hyper-gradient a meta-descent algorithms #

@InProceedings{baydin2018hypergradient,
  author       = "Atilim Gunes Baydin and Robert Cornish and David
                 Mart{\'{\i}}nez{-}Rubio and Mark Schmidt and Frank
                 Wood",
  title        = "Online Learning Rate Adaptation with Hypergradient
                 Descent",
  booktitle    = "6th International Conference on Learning
                 Representations, {ICLR} 2018",
  publisher    = "OpenReview.net",
  year         = "2018",
}

@Article{schraudolph1999local,
  title        = "Local gain adaptation in stochastic gradient descent",
  author       = "Nicol N Schraudolph",
  year         = "1999",
  publisher    = "IET",
}

@InProceedings{sutton1992gain,
  title        = "Gain adaptation beats least squares",
  author       = "Richard S Sutton",
  booktitle    = "Proceedings of the 7th Yale workshop on adaptive and
                 learning systems",
  volume       = "161168",
  year         = "1992",
}

@Article{almeida1998parameter,
  title        = "Parameter adaptation in stochastic optimization",
  author       = "Lu{\'\i}s B Almeida and Thibault Langlois and Jos{\'e}
                 D Amaral and Alexander Plakhov",
  journal      = "On-Line Learning in Neural Networks, Publications of
                 the Newton Institute",
  pages        = "111--134",
  year         = "1998",
}

@InCollection{plagianakos2001learning,
  title        = "Learning rate adaptation in stochastic gradient
                 descent",
  author       = "VP Plagianakos and GD Magoulas and MN Vrahatis",
  booktitle    = "Advances in convex analysis and global optimization",
  pages        = "433--444",
  year         = "2001",
  publisher    = "Springer",
}

@Article{shao2000rates,
  title        = "Rates of convergence of adaptive step-size of
                 stochastic approximation algorithms",
  author       = "S Shao and Percy PC Yip",
  journal      = "Journal of mathematical analysis and applications",
  volume       = "244",
  number       = "2",
  pages        = "333--347",
  year         = "2000",
  publisher    = "Elsevier",
}

# heuristics #

@InProceedings{rolinek2018l4,
  author       = "Michal Rolinek and Georg Martius",
  editor       = "Samy Bengio and Hanna M. Wallach and Hugo Larochelle
                 and Kristen Grauman and Nicol{\`{o}} Cesa{-}Bianchi and
                 Roman Garnett",
  title        = "{L4:} Practical loss-based step-size adaptation for
                 deep learning",
  booktitle    = "Advances in Neural Information Processing Systems 31:
                 {NeurIPS} 2018",
  pages        = "6434--6444",
  year         = "2018",
}

%% Stochastic Barzilai Borwein step-sizes
@InProceedings{tan2016bb,
  author       = "Conghui Tan and Shiqian Ma and Yu{-}Hong Dai and Yuqiu
                 Qian",
  editor       = "Daniel D. Lee and Masashi Sugiyama and Ulrike von
                 Luxburg and Isabelle Guyon and Roman Garnett",
  title        = "{B}arzilai-{B}orwein Step Size for Stochastic Gradient
                 Descent",
  booktitle    = "Advances in Neural Information Processing Systems 29:
                 {NeurIPS} 2016",
  pages        = "685--693",
  year         = "2016",
}

# preventing backtracking by checking tightness
@inproceedings{liu2009lassplore,
  author    = {Jun Liu and
               Jianhui Chen and
               Jieping Ye},
  editor    = {John F. Elder IV and
               Fran{\c{c}}oise Fogelman{-}Souli{\'{e}} and
               Peter A. Flach and
               Mohammed Javeed Zaki},
  title     = {Large-scale sparse logistic regression},
  booktitle = {Proceedings of the 15th {ACM} {SIGKDD} International Conference on
               Knowledge Discovery and Data Mining, Paris, France, June 28 - July
               1, 2009},
  pages     = {547--556},
  publisher = {{ACM}},
  year      = {2009},
}

% forward tracking
@article{fridovichchoosing,
  title={Choosing the Step Size: Intuitive Line Search Algorithms with Efficient Convergence},
  author={Fridovich-Keil, Sara and Recht, Benjamin}
}